@inproceedings{ElMasri2011AManagement,
    title = {{A Hybrid Mesh, Ad Hoc, and Sensor Network for Forest Fire Management}},
    year = {2011},
    booktitle = {2011 IEEE Vehicular Technology Conference (VTC Fall)},
    author = {El Masri, A. and Sardouk, A. and Khoukhi, L. and Merghem-Boulahia, L. and Gaiti, D. and Rahim-Amoud, R.},
    month = {9},
    pages = {1--5},
    publisher = {IEEE},
    url = {http://ieeexplore.ieee.org/document/6093169/},
    isbn = {978-1-4244-8327-3},
    doi = {10.1109/VETECF.2011.6093169}
}

@inproceedings{Koli2014ATransmission,
    title = {{A multi-layer architecture of wireless network for digital video transmission}},
    year = {2014},
    booktitle = {2014 International Conference on Circuits, Systems, Communication and Information Technology Applications (CSCITA)},
    author = {Koli, Sanjay Mahadev and Purandare, Radhika Girish and Kshirsagar, Shirish Purushottam and Gohokar, Vinaya Vijay},
    month = {4},
    pages = {213--218},
    publisher = {IEEE},
    url = {http://ieeexplore.ieee.org/document/6839261/},
    isbn = {978-1-4799-2494-3},
    doi = {10.1109/CSCITA.2014.6839261}
}

@inproceedings{Narayan2013ANetwork,
    title = {{A novel cross layer routing and interface assignment in Multi-Radio Wireless Mesh Network}},
    year = {2013},
    booktitle = {2013 International Conference on Advances in Computing, Communications and Informatics (ICACCI)},
    author = {Narayan, D. G. and Gandmali, Pavan and Mudenagudi, Uma},
    month = {8},
    pages = {620--625},
    publisher = {IEEE},
    url = {http://ieeexplore.ieee.org/document/6637244/},
    isbn = {978-1-4673-6217-7},
    doi = {10.1109/ICACCI.2013.6637244}
}

@inproceedings{Chih-HengKeANetwork,
    title = {{A Novel Realistic Simulation Tool for Video Transmission over Wireless Network}},
    booktitle = {IEEE International Conference on Sensor Networks, Ubiquitous, and Trustworthy Computing -Vol 1 (SUTC'06)},
    author = {{Chih-Heng Ke} and {Cheng-Han Lin} and {Ce-Kuen Shieh} and {Wen-Shyang Hwang}},
    pages = {275--283},
    volume = {1},
    publisher = {IEEE},
    url = {http://ieeexplore.ieee.org/document/1636186/},
    isbn = {0-7695-2553-9},
    doi = {10.1109/SUTC.2006.1636186}
}

@inproceedings{Razzaq2009ANetwork,
    title = {{A robust network coding scheme for SVC- based streaming over wireless mesh network}},
    year = {2009},
    booktitle = {2009 Global Information Infrastructure Symposium},
    author = {Razzaq, Abdul and Mehaoua, Ahmed},
    month = {6},
    pages = {1--5},
    publisher = {IEEE},
    url = {http://ieeexplore.ieee.org/document/5307079/},
    isbn = {978-1-4244-4623-0},
    doi = {10.1109/GIIS.2009.5307079}
}

@inproceedings{Yan2009AResearches,
    title = {{A simulation mechanism for video delivery researches}},
    year = {2009},
    booktitle = {2009 Fourth International Conference on Communications and Networking in China},
    author = {Yan, Zhiwei and Liu, Guizhong and Su, Rui and Zhang, Qing and Chen, Xiaoming and Chen, Lishui},
    month = {8},
    pages = {1--5},
    publisher = {IEEE},
    url = {http://ieeexplore.ieee.org/document/5339904/},
    isbn = {978-1-4244-4337-6},
    doi = {10.1109/CHINACOM.2009.5339904}
}

@inproceedings{Zheng2016ATransmission,
    title = {{A soft-output error control method for wireless video transmission}},
    year = {2016},
    booktitle = {2016 8th IEEE International Conference on Communication Software and Networks (ICCSN)},
    author = {Zheng, Bo and Gao, Shaoshuai},
    month = {6},
    pages = {561--564},
    publisher = {IEEE},
    url = {http://ieeexplore.ieee.org/document/7586585/},
    isbn = {978-1-5090-1781-2},
    doi = {10.1109/ICCSN.2016.7586585}
}

@inproceedings{Fan2009AWMN,
    title = {{A Study of End-to-End Video Robust Transmission Via WMN}},
    year = {2009},
    booktitle = {2009 5th International Conference on Wireless Communications, Networking and Mobile Computing},
    author = {Fan, Tanghuai and Xu, Lizhong and Zhang, Xuewu and Wang, Huibin},
    month = {9},
    pages = {1--4},
    publisher = {IEEE},
    url = {http://ieeexplore.ieee.org/document/5303251/},
    isbn = {978-1-4244-3691-0},
    doi = {10.1109/WICOM.2009.5303251}
}

@inproceedings{Malgi2015ANetwork,
    title = {{A study on QoS enhancement of MPEG-4 video transmission over Wireless Mesh Network}},
    year = {2015},
    booktitle = {2015 International Conference on Pervasive Computing (ICPC)},
    author = {Malgi, M. A. and Gaikwad, G.N.},
    month = {1},
    pages = {1--5},
    publisher = {IEEE},
    url = {http://ieeexplore.ieee.org/document/7087074/},
    isbn = {978-1-4799-6272-3},
    doi = {10.1109/PERVASIVE.2015.7087074}
}

@inproceedings{DechunFeng2013ACoding,
    title = {{A wireless video transmission scheme based on network coding and scalable video coding}},
    year = {2013},
    booktitle = {2013, 7th International Conference on Signal Processing and Communication Systems (ICSPCS)},
    author = {{Dechun Feng} and {Shaoshuai Gao}},
    month = {12},
    pages = {1--6},
    publisher = {IEEE},
    url = {http://ieeexplore.ieee.org/document/6723904/},
    isbn = {978-1-4799-1319-0},
    doi = {10.1109/ICSPCS.2013.6723904}
}

@inproceedings{Zhao2014AdaptiveNetworks,
    title = {{Adaptive hybrid digital-analog video transmission in wireless mobile networks}},
    year = {2014},
    booktitle = {2014 23rd International Conference on Computer Communication and Networks (ICCCN)},
    author = {Zhao, Xiao and Lu, Hancheng},
    month = {8},
    pages = {1--7},
    publisher = {IEEE},
    url = {http://ieeexplore.ieee.org/document/6911779/},
    isbn = {978-1-4799-3572-7},
    doi = {10.1109/ICCCN.2014.6911779}
}

@inproceedings{Tu2008AdaptiveNetworks,
    title = {{Adaptive Split Transmission for Video Streams in Wireless Mesh Networks}},
    year = {2008},
    booktitle = {2008 IEEE Wireless Communications and Networking Conference},
    author = {Tu, Wanqing and Sreenan, Cormac J.},
    month = {3},
    pages = {3122--3127},
    publisher = {IEEE},
    url = {http://ieeexplore.ieee.org/document/4489576/},
    isbn = {978-1-4244-1997-5},
    doi = {10.1109/WCNC.2008.545}
}

@inproceedings{Aschenbruck2011AnNetworks,
    title = {{An integrated simulation environment for sensor data fusion applications in wireless mesh networks}},
    year = {2011},
    booktitle = {2011 - MILCOM 2011 Military Communications Conference},
    author = {Aschenbruck, Nils and Fuchs, Christoph},
    month = {11},
    pages = {1778--1783},
    publisher = {IEEE},
    url = {http://ieeexplore.ieee.org/document/6127569/},
    isbn = {978-1-4673-0081-0},
    doi = {10.1109/MILCOM.2011.6127569}
}

@misc{Wallner2017AnD3,
    title = {{An Interactive Visualisation of Fitts's Law with JavaScript and D3}},
    year = {2017},
    author = {Wallner, Simon},
    url = {http://simonwallner.at/ext/fitts/}
}

@inproceedings{Nancel2015ClutchingEnemy,
    title = {{Clutching Is Not (Necessarily) the Enemy}},
    year = {2015},
    booktitle = {Proceedings of the 33rd Annual ACM Conference on Human Factors in Computing Systems - CHI '15},
    author = {Nancel, Mathieu and Vogel, Daniel and Lank, Edward},
    pages = {4199--4202},
    publisher = {ACM Press},
    url = {http://dl.acm.org/citation.cfm?doid=2702123.2702134},
    address = {New York, New York, USA},
    isbn = {9781450331456},
    doi = {10.1145/2702123.2702134},
    keywords = {clutching, performance, pointing, touchpad, trackpad}
}

@inproceedings{Behnke2011ComparisonRobots,
    title = {{Comparison of Distributed Ad-Hoc Network Planning Algorithms for Autonomous Flying Robots}},
    year = {2011},
    booktitle = {2011 IEEE Global Telecommunications Conference - GLOBECOM 2011},
    author = {Behnke, D. and Daniel, K. and Wietfeld, C.},
    month = {12},
    pages = {1--6},
    publisher = {IEEE},
    url = {http://ieeexplore.ieee.org/document/6134382/},
    isbn = {978-1-4244-9268-8},
    doi = {10.1109/GLOCOM.2011.6134382}
}

@inproceedings{Bok2011Context-AwareUAVs,
    title = {{Context-Aware QoS Control for Wireless Mesh Networks of UAVs}},
    year = {2011},
    booktitle = {2011 Proceedings of 20th International Conference on Computer Communications and Networks (ICCCN)},
    author = {Bok, Patrick-Benjamin and Tuchelmann, York},
    month = {7},
    pages = {1--6},
    publisher = {IEEE},
    url = {http://ieeexplore.ieee.org/document/6005806/},
    isbn = {978-1-4577-0637-0},
    doi = {10.1109/ICCCN.2011.6005806}
}

@inproceedings{Patil2015CrossNetworks,
    title = {{Cross layer routing and rate adaptation for video transmission in multi-radio Wireless Mesh Networks}},
    year = {2015},
    booktitle = {2015 International Conference on Advances in Computing, Communications and Informatics (ICACCI)},
    author = {Patil, Kiran and {Narayan D.G} and Mudenagudi, Uma and Amboji, Jyoti},
    month = {8},
    pages = {2139--2144},
    publisher = {IEEE},
    url = {http://ieeexplore.ieee.org/document/7275933/},
    isbn = {978-1-4799-8790-0},
    doi = {10.1109/ICACCI.2015.7275933}
}

@inproceedings{Guo2014Cross-layerNetworks,
    title = {{Cross-layer transmission for video streaming in wireless relay networks}},
    year = {2014},
    booktitle = {2014 International Wireless Communications and Mobile Computing Conference (IWCMC)},
    author = {Guo, Hongxing and Cui, Rui and Xia, Tao and Zhang, Aihua},
    month = {8},
    pages = {684--689},
    publisher = {IEEE},
    url = {http://ieeexplore.ieee.org/lpdocs/epic03/wrapper.htm?arnumber=6906438},
    isbn = {978-1-4799-0959-9},
    doi = {10.1109/IWCMC.2014.6906438}
}

@inproceedings{Behnke2016DesignSensing,
    title = {{Design and experimental validation of UAV-assisted radiological and nuclear sensing}},
    year = {2016},
    booktitle = {2016 IEEE Symposium on Technologies for Homeland Security (HST)},
    author = {Behnke, Daniel and Rohde, Sebastian and Wietfeld, Christian},
    month = {5},
    pages = {1--6},
    publisher = {IEEE},
    url = {http://ieeexplore.ieee.org/document/7568961/},
    isbn = {978-1-5090-0770-7},
    doi = {10.1109/THS.2016.7568961}
}

@article{SureshBabu2011EffectsAssessments.,
    title = {{Effects of Laptop Touchpad Texturing on User Performance and Usability Assessments.}},
    year = {2011},
    author = {Suresh Babu, Sameerajan},
    url = {https://repository.lib.ncsu.edu/handle/1840.16/7433}
}

@article{Avera2016EffectsPerformance,
    title = {{Effects of Touchpad Size on Pointing and Gestural Input Area and Performance}},
    year = {2016},
    journal = {Proceedings of the Human Factors and Ergonomics Society Annual Meeting},
    author = {Avera, A. and Harper, C. and Russi-Vigoya, N. and Stoll, S.},
    number = {1},
    month = {9},
    pages = {825--829},
    volume = {60},
    publisher = {SAGE PublicationsSage CA: Los Angeles, CA},
    url = {http://pro.sagepub.com/lookup/doi/10.1177/1541931213601188},
    doi = {10.1177/1541931213601188},
    issn = {1541-9312}
}

@inproceedings{Yang2016EnhancingNetworks,
    title = {{Enhancing Industrial Video Surveillance over Wireless Mesh Networks}},
    year = {2016},
    booktitle = {2016 25th International Conference on Computer Communication and Networks (ICCCN)},
    author = {Yang, Chaofan and Wu, Chenshu and Yang, Zheng and Liu, Tongtong and Yin, Zuwei and Liu, Yunhao and Mao, Xufei},
    month = {8},
    pages = {1--9},
    publisher = {IEEE},
    url = {http://ieeexplore.ieee.org/document/7568519/},
    isbn = {978-1-5090-2279-3},
    doi = {10.1109/ICCCN.2016.7568519}
}

@inproceedings{Mankar2015Enhancing802.11,
    title = {{Enhancing the performance of Wireless Mesh Network (WMN) for video transmission in context with IEEE 802.11}},
    year = {2015},
    booktitle = {2015 International Conference on Energy Systems and Applications},
    author = {Mankar, S. T. and Koli, S. M.},
    month = {10},
    pages = {34--39},
    publisher = {IEEE},
    url = {http://ieeexplore.ieee.org/document/7503309/},
    isbn = {978-1-4673-6817-9},
    doi = {10.1109/ICESA.2015.7503309}
}

@article{Maisonobe2007FindingPoints,
    title = {{Finding the circle that best fits a set of points}},
    year = {2007},
    author = {Maisonobe, L},
    url = {https://www.spaceroots.org/documents/circle/circle-fitting.pdf}
}

@article{MacKenzie1992FittsInteraction,
    title = {{Fitts' Law as a Research and Design Tool in Human-Computer Interaction}},
    year = {1992},
    journal = {Human?Computer Interaction},
    author = {MacKenzie, I. Scott and Scott, I.},
    number = {1},
    month = {3},
    pages = {91--139},
    volume = {7},
    publisher = {L. Erlbaum Associates Inc.},
    url = {http://www.tandfonline.com/doi/abs/10.1207/s15327051hci0701_3},
    doi = {10.1207/s15327051hci0701{\_}3},
    issn = {0737-0024}
}

@inproceedings{Yuan2013GAMLL:Networks,
    title = {{GAMLL: Gateway Assisted Multicast Algorithm Towards Low Latency for Wireless Mesh Networks}},
    year = {2013},
    booktitle = {2013 IEEE 77th Vehicular Technology Conference (VTC Spring)},
    author = {Yuan, Yuan and Bian, Chaoyi and Zhao, Tong and Yan, Wei},
    month = {6},
    pages = {1--5},
    publisher = {IEEE},
    url = {http://ieeexplore.ieee.org/document/6692576/},
    isbn = {978-1-4673-6337-2},
    doi = {10.1109/VTCSpring.2013.6692576}
}

@inproceedings{Nanda2016Geo-LocationNetwork,
    title = {{Geo-Location Oriented Routing Protocol for Smart Dynamic Mesh Network}},
    year = {2016},
    booktitle = {2016 IEEE 18th International Conference on High Performance Computing and Communications; IEEE 14th International Conference on Smart City; IEEE 2nd International Conference on Data Science and Systems (HPCC/SmartCity/DSS)},
    author = {Nanda, Ashish and Nanda, Priyadarsi and He, Xiangjian},
    month = {12},
    pages = {891--898},
    publisher = {IEEE},
    url = {http://ieeexplore.ieee.org/document/7828469/},
    isbn = {978-1-5090-4297-5},
    doi = {10.1109/HPCC-SmartCity-DSS.2016.0128}
}

@misc{GeomagicOverview,
    title = {{Geomagic Touch (formerly Geomagic Phantom Omni) Overview}},
    url = {http://www.geomagic.com/en/products/phantom-omni/overview}
}

@inproceedings{Sousa2010GOPNetwork,
    title = {{GOP size influence in high resolution video streaming over wireless mesh network}},
    year = {2010},
    booktitle = {The IEEE symposium on Computers and Communications},
    author = {Sousa, Rafael and Mota, Edjair and Silva, Edson N. and {Kleverson Santana Paixao} and Faria, Bruno and {Joao Batista Pinto Neto}},
    month = {6},
    pages = {787--789},
    publisher = {IEEE},
    url = {http://ieeexplore.ieee.org/document/5546578/},
    isbn = {978-1-4244-7754-8},
    doi = {10.1109/ISCC.2010.5546578}
}

@article{Erdelj2017HelpManagement,
    title = {{Help from the Sky: Leveraging UAVs for Disaster Management}},
    year = {2017},
    journal = {IEEE Pervasive Computing},
    author = {Erdelj, Milan and Natalizio, Enrico and Chowdhury, Kaushik R. and Akyildiz, Ian F.},
    number = {1},
    month = {1},
    pages = {24--32},
    volume = {16},
    url = {http://ieeexplore.ieee.org/document/7807176/},
    doi = {10.1109/MPRV.2017.11},
    issn = {1536-1268}
}

@article{ZhaiHumanControl,
    title = {{Human Performance in Six Degree of Freedom Input Control}},
    author = {Zhai, Shumin},
    url = {http://mobile.shuminzhai.com/papers/ZhaiPhDthesis.pdf}
}

@inproceedings{Patibandla2013InitialVehicles,
    title = {{Initial evaluation of an IEEE 802.11s-based mobile ad-hoc network for collaborative Unmanned Aerial Vehicles}},
    year = {2013},
    booktitle = {2013 International Conference on Connected Vehicles and Expo (ICCVE)},
    author = {Patibandla, Siva Teja and Bakker, Tim and Klenke, Robert H.},
    month = {12},
    pages = {145--150},
    publisher = {IEEE},
    url = {http://ieeexplore.ieee.org/document/6799784/},
    isbn = {978-1-4799-2491-2},
    doi = {10.1109/ICCVE.2013.6799784}
}

@inproceedings{SunilKumarBS2016InterHEVC,
    title = {{Inter Frame-Rate Distortion optimisation on scalable video for HEVC}},
    year = {2016},
    booktitle = {2016 International Conference on Computation System and Information Technology for Sustainable Solutions (CSITSS)},
    author = {{Sunil Kumar B S} and Manjunath, A S and Christopher, S},
    month = {10},
    pages = {100--104},
    publisher = {IEEE},
    url = {http://ieeexplore.ieee.org/document/7779449/},
    isbn = {978-1-5090-1020-2},
    doi = {10.1109/CSITSS.2016.7779449}
}

@misc{ISODevices,
    title = {{ISO 9241-400:2007 - Ergonomics of human--system interaction -- Part 400: Principles and requirements for physical input devices}},
    url = {https://www.iso.org/standard/38896.html}
}

@inproceedings{Vo2013JointNetworks,
    title = {{Joint distortion aware opportunistic routing and transmission rate assignment for video streaming over wireless mesh networks}},
    year = {2013},
    booktitle = {2013 International Conference on Computing, Management and Telecommunications (ComManTel)},
    author = {Vo, Nguyen-Son and Nguyen, Minh-Hoang and Ha, Dac-Binh and Huynh, De-Thu},
    month = {1},
    pages = {230--234},
    publisher = {IEEE},
    url = {http://ieeexplore.ieee.org/document/6482396/},
    isbn = {978-1-4673-2088-7},
    doi = {10.1109/ComManTel.2013.6482396}
}

@inproceedings{Razzaq2011LayeredAnalysis,
    title = {{Layered Video Transmission Using Wireless Path Diversity Based on Grey Relational Analysis}},
    year = {2011},
    booktitle = {2011 IEEE International Conference on Communications (ICC)},
    author = {Razzaq, Abdul and Mehaoua, Ahmed},
    month = {6},
    pages = {1--6},
    publisher = {IEEE},
    url = {http://ieeexplore.ieee.org/document/5962784/},
    isbn = {978-1-61284-232-5},
    doi = {10.1109/icc.2011.5962784}
}

@misc{Roussel2017Libpointing,
    title = {{libpointing}},
    year = {2017},
    author = {Roussel, Nicolas and Casiez, Géry and Mukhanov, Izzatbek},
    url = {https://github.com/INRIA/libpointing}
}

@misc{MacBookProNZ,
    title = {{MacBook Pro - Technical Specifications - Apple (NZ)}},
    url = {https://www.apple.com/nz/macbook-pro/specs/}
}

@inproceedings{Deng2015ModelingNetwork,
    title = {{Modeling of H.264/AVC based video transmission distortion over wireless network}},
    year = {2015},
    booktitle = {2015 IEEE International Conference on Image Processing (ICIP)},
    author = {Deng, Rui and Liu, Guizhong},
    month = {9},
    pages = {2735--2740},
    publisher = {IEEE},
    url = {http://ieeexplore.ieee.org/document/7351300/},
    isbn = {978-1-4799-8339-1},
    doi = {10.1109/ICIP.2015.7351300}
}

@article{Rong2010MultipathTransmission,
    title = {{Multipath routing over wireless mesh networks for multiple description video transmission}},
    year = {2010},
    journal = {IEEE Journal on Selected Areas in Communications},
    author = {Rong, Bo and Qian, Yi and Lu, Kejie and Hu, Rose and Kadoch, Michel},
    number = {3},
    month = {4},
    pages = {321--331},
    volume = {28},
    url = {http://ieeexplore.ieee.org/document/5434398/},
    doi = {10.1109/JSAC.2010.100404},
    issn = {0733-8716}
}

@article{Kserawi2014MultipathRouting,
    title = {{Multipath Video Real-Time Streaming by Field-Based Anycast Routing}},
    year = {2014},
    journal = {IEEE Transactions on Multimedia},
    author = {Kserawi, Malaz and Jung, Sangsu and Lee, Dujeong and Sung, Jihoon and Rhee, June-Koo Kevin},
    number = {2},
    month = {2},
    pages = {533--540},
    volume = {16},
    url = {http://ieeexplore.ieee.org/document/6677615/},
    doi = {10.1109/TMM.2013.2293315},
    issn = {1520-9210}
}

@inproceedings{Casiez2011NoFunctions,
    title = {{No More Bricolage!: Methods and Tools to Characterize, Replicate and Compare Pointing Transfer Functions}},
    year = {2011},
    booktitle = {Proceedings of the 24th Annual ACM Symposium on User Interface Software and Technology},
    author = {Casiez, Géry and Roussel, Nicolas},
    pages = {603--614},
    series = {UIST '11},
    publisher = {ACM},
    url = {http://doi.acm.org/10.1145/2047196.2047276},
    address = {New York, NY, USA},
    isbn = {978-1-4503-0716-1},
    doi = {10.1145/2047196.2047276},
    keywords = {CD gain, control-display gain functions, pointer acceleration, pointing, toolkit, transfer functions}
}

@inproceedings{Pojda2011PerformanceApplications,
    title = {{Performance analysis of mesh routing protocols for UAV swarming applications}},
    year = {2011},
    booktitle = {2011 8th International Symposium on Wireless Communication Systems},
    author = {Pojda, Jakob and Wolff, Andreas and Sbeiti, Mohamad and Wietfeld, Christian},
    month = {11},
    pages = {317--321},
    publisher = {IEEE},
    url = {http://ieeexplore.ieee.org/document/6125375/},
    isbn = {978-1-61284-402-2},
    doi = {10.1109/ISWCS.2011.6125375}
}

@inproceedings{Oe2013PerformanceLoad,
    title = {{Performance Evaluation of a Multicast Routing Protocol for Wireless Mesh Networks Considering Network Load}},
    year = {2013},
    booktitle = {2013 IEEE 27th International Conference on Advanced Information Networking and Applications (AINA)},
    author = {Oe, K. and Koyama, A. and Barolli, L.},
    month = {3},
    pages = {591--597},
    publisher = {IEEE},
    url = {http://ieeexplore.ieee.org/document/6531808/},
    isbn = {978-1-4673-5550-6},
    doi = {10.1109/AINA.2013.50}
}

@inproceedings{Pokhrel2014PerformancePerspective,
    title = {{Performance evaluation of video transmission over 802.11n wireless network: A MAC layer perspective}},
    year = {2014},
    booktitle = {2014 International Conference on Smart Communications in Network Technologies (SaCoNeT)},
    author = {Pokhrel, Jeevan and Paudel, Indira and Wehbi, Bachar and Cavalli, Ana and Jouaber, Badii},
    month = {6},
    pages = {1--6},
    publisher = {IEEE},
    url = {http://ieeexplore.ieee.org/document/6867761/},
    isbn = {978-1-4799-5196-3},
    doi = {10.1109/SaCoNeT.2014.6867761}
}

@inproceedings{Ikeda2012PerformanceSimulator,
    title = {{Performance Evaluation of WMN Considering Number of Connections Using NS-3 Simulator}},
    year = {2012},
    booktitle = {2012 Seventh International Conference on Broadband, Wireless Computing, Communication and Applications},
    author = {Ikeda, Makoto and Oda, Tetsuya and Kulla, Elis and Hiyama, Masahiro and Barolli, Leonard and Younas, Muhammad},
    month = {11},
    pages = {498--502},
    publisher = {IEEE},
    url = {http://ieeexplore.ieee.org/document/6363105/},
    isbn = {978-1-4673-2972-9},
    doi = {10.1109/BWCCA.2012.89}
}

@article{PrecisionGuide,
    title = {{Precision Touchpad Device Implementation Guide}},
    url = {https://docs.microsoft.com/en-us/windows-hardware/design/component-guidelines/windows-precision-touchpad-implementation-guide}
}

@article{Zhao2017QoEStrategy,
    title = {{QoE in Video Transmission: A User Experience-Driven Strategy}},
    year = {2017},
    journal = {IEEE Communications Surveys {\&} Tutorials},
    author = {Zhao, Tiesong and Liu, Qian and Chen, Chang Wen},
    number = {1},
    month = {21},
    pages = {285--302},
    volume = {19},
    url = {http://ieeexplore.ieee.org/document/7604120/},
    doi = {10.1109/COMST.2016.2619982},
    issn = {1553-877X}
}

@inproceedings{Ojanpera2014QoE-basedNetworks,
    title = {{QoE-based management of medical video transmission in wireless networks}},
    year = {2014},
    booktitle = {2014 IEEE Network Operations and Management Symposium (NOMS)},
    author = {Ojanpera, Tiia and Uitto, Mikko and Vehkapera, Janne},
    month = {5},
    pages = {1--6},
    publisher = {IEEE},
    url = {http://ieeexplore.ieee.org/document/6838405/},
    isbn = {978-1-4799-0913-1},
    doi = {10.1109/NOMS.2014.6838405}
}

@inproceedings{Chang2014Rate-adaptiveNetworks,
    title = {{Rate-adaptive broadcast routing and scheduling for video streaming in wireless mesh networks}},
    year = {2014},
    booktitle = {2014 23rd International Conference on Computer Communication and Networks (ICCCN)},
    author = {Chang, Yanan and Jia, Xiaohua},
    month = {8},
    pages = {1--8},
    publisher = {IEEE},
    url = {http://ieeexplore.ieee.org/document/6911816/},
    isbn = {978-1-4799-3572-7},
    doi = {10.1109/ICCCN.2014.6911816}
}

@inproceedings{Bocus2014Rate-OptimizationNetworks,
    title = {{Rate-Optimization for Scalable Video Transmission over Wireless Networks}},
    year = {2014},
    booktitle = {2014 IEEE 80th Vehicular Technology Conference (VTC2014-Fall)},
    author = {Bocus, Mohammud Z. and Coon, Justin P.},
    month = {9},
    pages = {1--5},
    publisher = {IEEE},
    url = {http://ieeexplore.ieee.org/document/6966150/},
    isbn = {978-1-4799-4449-1},
    doi = {10.1109/VTCFall.2014.6966150}
}

@misc{RawWindows,
    title = {{Raw Input (Windows)}},
    url = {https://msdn.microsoft.com/en-us/library/windows/desktop/ms645536(v=vs.85).aspx}
}

@inproceedings{Chawla2012RODEO:Differentiation,
    title = {{RODEO: Robust and rapidly deployable TDM mesh with QoS differentiation}},
    year = {2012},
    booktitle = {2012 Fourth International Conference on Communication Systems and Networks (COMSNETS 2012)},
    author = {Chawla, Aniesh and Yadav, Vinay and Dev Sharma, Vasu and Bajaj, Jitin and Nanda, Eshan and Ribeiro, Vinay and Saran, Huzur},
    month = {1},
    pages = {1--6},
    publisher = {IEEE},
    url = {http://ieeexplore.ieee.org/document/6151386/},
    isbn = {978-1-4673-0298-2},
    doi = {10.1109/COMSNETS.2012.6151386}
}

@inproceedings{He2008RoutingNetworks,
    title = {{Routing Optimized Video Transmission over Mobile Ad Hoc Networks}},
    year = {2008},
    booktitle = {2008 Workshop on Power Electronics and Intelligent Transportation System},
    author = {He, Yang and Ouyang, Yuanxin and Li, Chao and Xiong, Zhang},
    month = {8},
    pages = {18--22},
    publisher = {IEEE},
    url = {http://ieeexplore.ieee.org/document/4634807/},
    isbn = {978-0-7695-3342-1},
    doi = {10.1109/PEITS.2008.112}
}

@inproceedings{Casiez2007RubberEdge,
    title = {{RubberEdge}},
    year = {2007},
    booktitle = {Proceedings of the 20th annual ACM symposium on User interface software and technology  - UIST '07},
    author = {Casiez, Géry and Vogel, Daniel and Pan, Qing and Chaillou, Christophe},
    pages = {129},
    publisher = {ACM Press},
    url = {http://portal.acm.org/citation.cfm?doid=1294211.1294234},
    address = {New York, New York, USA},
    isbn = {9781595936792},
    doi = {10.1145/1294211.1294234},
    keywords = {clutching, elastic, hybrid, mobile, pointing}
}

@misc{SurfaceBeauty,
    title = {{Surface Laptop Technical Specs – Power {\&}amp; Beauty}},
    url = {https://www.microsoft.com/en-au/surface/devices/surface-laptop/tech-specs}
}

@article{Gupta2016SurveyNetworks,
    title = {{Survey of Important Issues in UAV Communication Networks}},
    year = {2016},
    journal = {IEEE Communications Surveys {\&} Tutorials},
    author = {Gupta, Lav and Jain, Raj and Vaszkun, Gabor},
    number = {2},
    month = {22},
    pages = {1123--1152},
    volume = {18},
    url = {http://ieeexplore.ieee.org/document/7317490/},
    doi = {10.1109/COMST.2015.2495297},
    issn = {1553-877X}
}

@inproceedings{Casiez2008TheDevice,
    title = {{The effect of spring stiffness and control gain with an elastic rate control pointing device}},
    year = {2008},
    booktitle = {Proceeding of the twenty-sixth annual CHI conference on Human factors in computing systems  - CHI '08},
    author = {Casiez, Géry and Vogel, Daniel},
    pages = {1709},
    publisher = {ACM Press},
    url = {http://portal.acm.org/citation.cfm?doid=1357054.1357321},
    address = {New York, New York, USA},
    isbn = {9781605580111},
    doi = {10.1145/1357054.1357321},
    keywords = {control gain, elastic, rate control, stiffness}
}

@inproceedings{Kulik2012TheGroovepad,
    title = {{The groovepad}},
    year = {2012},
    booktitle = {Proceedings of the 10th asia pacific conference on Computer human interaction - APCHI '12},
    author = {Kulik, Alexander and Kunert, André and Huckauf, Anke and Froehlich, Bernd},
    pages = {75},
    publisher = {ACM Press},
    url = {http://dl.acm.org/citation.cfm?doid=2350046.2350065},
    address = {New York, New York, USA},
    isbn = {9781450314961},
    doi = {10.1145/2350046.2350065},
    keywords = {hybrid pointing, pointing, position control, rate control, workspace panning}
}

@inproceedings{Immich2014TowardsAwareness,
    title = {{Towards the enhancement of UAV video transmission with motion intensity awareness}},
    year = {2014},
    booktitle = {2014 IFIP Wireless Days (WD)},
    author = {Immich, Roger and Cerqueira, Eduardo and Curado, Marilia},
    month = {11},
    pages = {1--7},
    publisher = {IEEE},
    url = {http://ieeexplore.ieee.org/document/7020820/},
    isbn = {978-1-4799-6606-6},
    doi = {10.1109/WD.2014.7020820}
}

@inproceedings{Cockburn2017TurbulentTouch,
    title = {{Turbulent Touch}},
    year = {2017},
    booktitle = {Proceedings of the 2017 CHI Conference on Human Factors in Computing Systems  - CHI '17},
    author = {Cockburn, Andy and Gutwin, Carl and Palanque, Philippe and Deleris, Yannick and Trask, Catherine and Coveney, Ashley and Yung, Marcus and MacLean, Karon},
    pages = {6742--6753},
    publisher = {ACM Press},
    url = {http://dl.acm.org/citation.cfm?doid=3025453.3025584},
    address = {New York, New York, USA},
    isbn = {9781450346559},
    doi = {10.1145/3025453.3025584},
    keywords = {aviation, touch interaction, turbulence}
}

@inproceedings{Qazi2015UAVLTE,
    title = {{UAV based real time video surveillance over 4G LTE}},
    year = {2015},
    booktitle = {2015 International Conference on Open Source Systems {\&} Technologies (ICOSST)},
    author = {Qazi, Sameer and Siddiqui, Ali Shuja and Wagan, Asim Imdad},
    month = {12},
    pages = {141--145},
    publisher = {IEEE},
    url = {http://ieeexplore.ieee.org/document/7396417/},
    isbn = {978-1-4799-7812-0},
    doi = {10.1109/ICOSST.2015.7396417}
}

@inproceedings{Morgenthaler2012UAVNet:Vehicles,
    title = {{UAVNet: A mobile wireless mesh network using Unmanned Aerial Vehicles}},
    year = {2012},
    booktitle = {2012 IEEE Globecom Workshops},
    author = {Morgenthaler, Simon and Braun, Torsten and Zhao, Zhongliang and Staub, Thomas and Anwander, Markus},
    month = {12},
    pages = {1603--1608},
    publisher = {IEEE},
    url = {http://ieeexplore.ieee.org/document/6477825/},
    isbn = {978-1-4673-4941-3},
    doi = {10.1109/GLOCOMW.2012.6477825}
}

@inproceedings{Shui2008VideoNetworks,
    title = {{Video Streaming Transmission Over Multi-Channel Multi-Path Wireless Mesh Networks}},
    year = {2008},
    booktitle = {2008 4th International Conference on Wireless Communications, Networking and Mobile Computing},
    author = {Shui, Guojun and Shen, Shuqun},
    month = {10},
    pages = {1--4},
    publisher = {IEEE},
    url = {http://ieeexplore.ieee.org/document/4678691/},
    isbn = {978-1-4244-2107-7},
    doi = {10.1109/WiCom.2008.783}
}

@misc{WelcomeProject,
    title = {{Welcome - Polymer Project}},
    url = {https://www.polymer-project.org/}
}

@inproceedings{Dalmasso2012WiMAXUAVs,
    title = {{WiMAX networks for emergency management based on UAVs}},
    year = {2012},
    booktitle = {2012 IEEE First AESS European Conference on Satellite Telecommunications (ESTEL)},
    author = {Dalmasso, Ilaria and Galletti, Irene and Giuliano, Romeo and Mazzenga, Franco},
    month = {10},
    pages = {1--6},
    publisher = {IEEE},
    url = {http://ieeexplore.ieee.org/document/6400206/},
    isbn = {978-1-4673-4688-7},
    doi = {10.1109/ESTEL.2012.6400206}
}

@misc{WindowsWindows,
    title = {{Windows Touch Input (Windows)}},
    url = {https://msdn.microsoft.com/en-us/library/windows/desktop/dd317321(v=vs.85).aspx}
}

@inproceedings{Shinkuma2016WirelessBatteries,
    title = {{Wireless multihop networks formed by unmanned aerial vehicles with separable access points and replaceable batteries}},
    year = {2016},
    booktitle = {2016 IEEE 7th Annual Ubiquitous Computing, Electronics {\&} Mobile Communication Conference (UEMCON)},
    author = {Shinkuma, Ryoichi and Goto, Yuki},
    month = {10},
    pages = {1--6},
    publisher = {IEEE},
    url = {http://ieeexplore.ieee.org/document/7777900/},
    isbn = {978-1-5090-1496-5},
    doi = {10.1109/UEMCON.2016.7777900}
}

@misc{XPSZealand,
    title = {{XPS 15 9560 High Performance Laptop with InfinityEdge Display | Dell New Zealand}},
    url = {http://www.dell.com/nz/p/xps-15-9560-laptop/pd}
}